@misc{anleitung,
	author = {Oliver Radestock},
	title = {Anleitung - Magnetische Kernresonanz},
	month = {Juli},
	year = {2009},
	howpublished = {Physikalisches Institut der Universit"at W"urzburg},
	url = {http://www.physik.uni-wuerzburg.de/fileadmin/11999999/NMR_Anleitung_Jul2009.pdf},
	note = {Physikalisches Fortgeschrittenen Praktikum},
}

@misc{codata,
	author = {{National Institute of Standards and Technology}},
	title = {Physical Reference Data - The NIST Reference on Constants, Units and Uncertainty},
	year = {2011},
	month = {June},
	url={http://physics.nist.gov/cuu/index.html}
	}

@phdthesis{mueller,
	author = {Herbert M"uller},
	title = {Magnetische Kernresonanz},
	month = {Februar},
	year = {1990},
	school = {Physikalisches Institut der Universit"at W"urzburg},
	url = {http://www.physik.uni-wuerzburg.de/fileadmin/11999999/Staatsexamensarbeit_Mueller_NMR.pdf}
}

@misc{rabi,
	author = {{The Nobel Foundation}},
	title = {Isodor Isaac Rabi - Biographical},
	year = {2013},
	url = {http://www.nobelprize.org/nobel_prizes/physics/laureates/1944/rabi-bio.html},
}

@article{nmr,
	author = {Ioannis Koktzoglou},
	title = {4D Dark Blood Arterial Wall Magnetic Resonance Imaging: Methodology and Demonstration in the Carotid Arteries},
	year = {2013},
	month = {April},
	journal = {Magnetic Resonance in Medicine},
	volume= {69},
	number = {4},
	pages = {956--965}
}