@misc{anleitung,
	author = {?? Batke},
	title = {Anleitung - Quanten-Hall-Effekt},
	month = {Juli},
	year = {2010},
	howpublished = {Physikalisches Institut der Universit"at W"urzburg},
	url = {http://www.physik.uni-wuerzburg.de/fileadmin/11999999/Aufgabenstellung_QHE.pdf},
	note = {Physikalisches Fortgeschrittenen Praktikum},
}



%@phdthesis{mueller,
%	author = {Herbert M"uller},
%	title = {Magnetische Kernresonanz},
%	month = {Februar},
%	year = {1990},
%	school = {Physikalisches Institut der Universit"at W"urzburg},
%	url = {http://www.physik.uni-wuerzburg.de/fileadmin/11999999/Staatsexamensarbeit_Mueller_NMR.pdf}
%}

%@book{mellissinos,
%author = {Adrian C. Melissinos},
%title = {Experiments in Modern Physics},
%year = 1966,
%address = {New York and London},
%publisher = {Academic Press},
%note = "{\small insbesondere Abschnitt 3.3 aus dem Buch}"
%}
